
@article {MR1251147,
    AUTHOR = {Arnoux, Pierre and Nogueira, Arnaldo},
     TITLE = {Mesures de {G}auss pour des algorithmes de fractions continues
              multidimensionnelles},
   JOURNAL = {Ann. Sci. \'Ecole Norm. Sup. (4)},
  FJOURNAL = {Annales Scientifiques de l'\'Ecole Normale Sup\'erieure.
              Quatri\`eme S\'erie},
    VOLUME = {26},
      YEAR = {1993},
    NUMBER = {6},
     PAGES = {645--664},
      ISSN = {0012-9593},
     CODEN = {ASENAH},
   MRCLASS = {11K50},
  MRNUMBER = {1251147 (95h:11076)},
MRREVIEWER = {Roger Paysant-Le Roux},
       URL = {http://www.numdam.org/item?id=ASENS_1993_4_26_6_645_0},
}


@article {MR2946184 ,
    AUTHOR = {Kraaikamp, Cor and Schmidt, Thomas A. and Steiner, Wolfgang},
     TITLE = {Natural extensions and entropy of $\alpha$--continued fractions. },
   JOURNAL = {Ann. Sci. \'Ecole Norm. Sup. (4)},
  FJOURNAL = {Nonlinearity},
    VOLUME = {25},
      YEAR = {2012},
    NUMBER = {8},
     PAGES = {2207--2243.},
}

@article {MR644019,
    AUTHOR = {Veech, William A.},
     TITLE = {Gauss measures for transformations on the space of interval
              exchange maps},
   JOURNAL = {Ann. of Math. (2)},
  FJOURNAL = {Annals of Mathematics. Second Series},
    VOLUME = {115},
      YEAR = {1982},
    NUMBER = {1},
     PAGES = {201--242},
      ISSN = {0003-486X},
     CODEN = {ANMAAH},
   MRCLASS = {28D05 (58F11)},
  MRNUMBER = {644019 (83g:28036b)},
MRREVIEWER = {Michael Keane},
       DOI = {10.2307/1971391},
       URL = {http://dx.doi.org/10.2307/1971391},
}


@article {MR1810942,
    AUTHOR = {Hardcastle, D. M. and Khanin, K.},
     TITLE = {Continued fractions and the {$d$}-dimensional {G}auss
              transformation},
   JOURNAL = {Comm. Math. Phys.},
  FJOURNAL = {Communications in Mathematical Physics},
    VOLUME = {215},
      YEAR = {2001},
    NUMBER = {3},
     PAGES = {487--515},
      ISSN = {0010-3616},
     CODEN = {CMPHAY},
   MRCLASS = {11K55 (11J70)},
  MRNUMBER = {1810942 (2002a:11090)},
MRREVIEWER = {Thomas Ward},
       DOI = {10.1007/s002200000290},
       URL = {http://dx.doi.org/10.1007/s002200000290},
}
@article {2015_Arnoux_Schmidt,
    AUTHOR = {Arnoux, Pierre and Schmidt, Thomas A. },
     TITLE = {Natural extensions and Gauss measures for piecewise homographic continued fractions},
      YEAR = {(preprint) 2015},
}


@article {2013_avila_pisot,
    AUTHOR = {Avila, Arthur and Delecroix, Vincent},
     TITLE = {Pisot property for {Brun} and fully subtractive algorithm},
      YEAR = {(preprint) 2013},
}

@article {MR1129566,
    AUTHOR = {Schweiger, Fritz},
     TITLE = {Invariant measures for maps of continued fraction type},
   JOURNAL = {J. Number Theory},
  FJOURNAL = {Journal of Number Theory},
    VOLUME = {39},
      YEAR = {1991},
    NUMBER = {2},
     PAGES = {162--174},
      ISSN = {0022-314X},
     CODEN = {JNUTA9},
   MRCLASS = {11K50 (58F11)},
  MRNUMBER = {1129566 (92k:11081)},
MRREVIEWER = {Rita Giuliano Antonini},
       DOI = {10.1016/0022-314X(91)90042-A},
       URL = {http://dx.doi.org/10.1016/0022-314X(91)90042-A},
}
@article {MR516048,
    AUTHOR = {Veech, William A.},
     TITLE = {Interval exchange transformations},
   JOURNAL = {J. Analyse Math.},
  FJOURNAL = {Journal d'Analyse Math\'ematique},
    VOLUME = {33},
      YEAR = {1978},
     PAGES = {222--272},
      ISSN = {0021-7670},
     CODEN = {JOAMAV},
   MRCLASS = {28D99 (54H20)},
  MRNUMBER = {516048 (80e:28034)},
MRREVIEWER = {Michael Keane},
       DOI = {10.1007/BF02790174},
       URL = {http://dx.doi.org/10.1007/BF02790174},
}
  @book{schweiger,
   AUTHOR = {Schweiger, F.},
    TITLE = {Multidimensional Continued Fraction},
    YEAR= {2000},
PUBLISHER = {Oxford Univ. Press},
  ADDRESS = {New York},
  }
@book {BRENTJES,
    AUTHOR = {Brentjes, A. J.},
     TITLE = {Multidimensional continued fraction algorithms},
 PUBLISHER = {Mathematisch Centrum},
   ADDRESS = {Amsterdam},
      YEAR = {1981},
     PAGES = {i+183},
      ISBN = {90-6196-231-5},
   MRCLASS = {10F20 (12A45 65-04)},
  MRNUMBER = {83b:10038},
MRREVIEWER = {Richard T. Bumby},
}

@article {MR3283831,
    AUTHOR = {Berth{\'e}, V. and Labb{\'e}, S.},
     TITLE = {Factor complexity of {$S$}-adic words generated by the
              {A}rnoux-{R}auzy-{P}oincar\'e algorithm},
   JOURNAL = {Adv. in Appl. Math.},
  FJOURNAL = {Advances in Applied Mathematics},
    VOLUME = {63},
      YEAR = {2015},
     PAGES = {90--130},
      ISSN = {0196-8858},
   MRCLASS = {68R15 (37B10)},
  MRNUMBER = {3283831},
       DOI = {10.1016/j.aam.2014.11.001},
       URL = {http://dx.doi.org/10.1016/j.aam.2014.11.001},
}
@article {MR1336331,
    AUTHOR = {Nogueira, A.},
     TITLE = {The three-dimensional {P}oincar\'e continued fraction
              algorithm},
   JOURNAL = {Israel J. Math.},
  FJOURNAL = {Israel Journal of Mathematics},
    VOLUME = {90},
      YEAR = {1995},
    NUMBER = {1-3},
     PAGES = {373--401},
      ISSN = {0021-2172},
     CODEN = {ISJMAP},
   MRCLASS = {11J70 (28D05)},
  MRNUMBER = {1336331 (96e:11094)},
MRREVIEWER = {Kathy D. Merrill},
       DOI = {10.1007/BF02783221},
       URL = {http://dx.doi.org/10.1007/BF02783221},
}
@article {MR1838461,
    AUTHOR = {Broise-Alamichel, A. and Guivarc'h, Y.},
     TITLE = {Exposants caract\'eristiques de l'algorithme de
              {J}acobi-{P}erron et de la transformation associ\'ee},
   JOURNAL = {Ann. Inst. Fourier (Grenoble)},
  FJOURNAL = {Universit\'e de Grenoble. Annales de l'Institut Fourier},
    VOLUME = {51},
      YEAR = {2001},
    NUMBER = {3},
     PAGES = {565--686},
      ISSN = {0373-0956},
     CODEN = {AIFUA7},
   MRCLASS = {37A30 (11K50 11K55 37A35 37A45 37D25)},
  MRNUMBER = {1838461 (2002k:37009)},
MRREVIEWER = {Dieter H. Mayer},
       URL = {http://aif.cedram.org/item?id=AIF_2001__51_3_565_0},
}

@incollection{2013_arnoux_gasket,
year={2013},
isbn={978-0-8176-8399-3},
booktitle={Further Developments in Fractals and Related Fields},
series={Trends in Mathematics},
editor={Barral, Julien and Seuret, Stéphane},
doi={10.1007/978-0-8176-8400-6_1},
title={The {R}auzy Gasket},
url={http://dx.doi.org/10.1007/978-0-8176-8400-6_1},
publisher={Birkhäuser Boston},
author={Arnoux, Pierre and Starosta, Štěpán},
pages={1-23},
language={English}
}
@article{2015_berthe_factor,
title = "Factor complexity of S-adic words generated by the Arnoux–Rauzy–Poincaré algorithm ",
journal = "Advances in Applied Mathematics ",
volume = "63",
number = "0",
pages = "90 - 130",
year = "2015",
note = "",
issn = "0196-8858",
doi = "http://dx.doi.org/10.1016/j.aam.2014.11.001",
url = "http://www.sciencedirect.com/science/article/pii/S0196885814001377",
author = "V. Berthé and S. Labbé",
}
@incollection {MR0111735,
    AUTHOR = {Brun, Viggo},
     TITLE = {Algorithmes euclidiens pour trois et quatre nombres},
 BOOKTITLE = {Treizi\`eme congr\`es des math\`ematiciens scandinaves, tenu
              \`a {H}elsinki 18-23 ao\^ut 1957},
     PAGES = {45--64},
 PUBLISHER = {Mercators Tryckeri, Helsinki},
      YEAR = {1958},
   MRCLASS = {10.00},
  MRNUMBER = {0111735 (22 \#2597)},
MRREVIEWER = {J. F. Koksma},
}
@article{arnoux_symmetric_2015,
	title = {On some symmetric multidimensional continued fraction algorithms},
	url = {http://arxiv.org/abs/1508.07814},
	urldate = {2015-10-16},
	journal = {arXiv:1508.07814},
	author = {Arnoux, Pierre and Labbé, Sébastien},
	month = aug,
	year = {2015},
	keywords = {37A45, 37C40, Mathematics - Dynamical Systems},
	annote = {Comment: 22 pages, 12 figures},
}
@article{cassaigne_algorithme_2015,
	title = {Un algorithme de fractions continues de complexité linéaire},
	url = {http://www.liafa.univ-paris-diderot.fr/dyna3s/Oct2015},
	author = {Cassaigne, Julien},
	month = oct,
	year = {2015},
	note = {DynA3S meeting, LIAFA, Paris, October 12th, 2015},
}
